3272 4972
749 326 943 378 -.s-

263 516 357 596 plane
384 515 488 597 possit
516 515 704 589 ‹liindi‹·a1·i,
729 517 762 582 ia
787 517 883 582 (lubio
908 516 1153 596 reliaquomlum
1179 518 1270 598 est.¹)
1311 516 1434 580 'l'amea

262 623 343 688 illud
374 623 511 688 alieuius
545 625 699 689 momenti
732 645 806 690 esse
838 625 984 704 villelm,
1020 644 1130 688 orrares
1166 624 1241 689 libri
1276 623 1367 687 tertii
1400 629 1435 688 et

263 731 371 810 quarti
396 731 521 814 elegias
546 731 601 796 dia
625 752 770 796 seorsum
794 753 814 796 a
839 732 958 797 Tibulli
977 731 1128 810 genuinis
1144 731 1237 795 libris
1263 729 1434 794 exstitisse

263 857 368 916 neque
391 844 468 903 ante
493 840 657 904 saeeulam
682 839 713 902 X
738 839 772 903 ia
797 860 911 920 eorpus
931 839 1150 903 'lilmllianum
1174 857 1247 902 esse
1272 842 1434 918 receptas,

264 951 300 1010 ut
324 949 500 1010 exuetere
525 946 676 1024 eatalopo
702 964 787 1011 saeo.
812 947 862 1009 IX
886 948 927 1010 ab
952 945 1096 1025 Hauptio
1121 945 1208 1010 edito
1242 945 1366 1027 elucet,
1401 943 1434 1008 ia

265 1073 326 1131 «pro
350 1051 491 1130 lenitur:
518 1051 603 1124 ,Albi
627 1053 748 1116 'lilmlli
772 1053 847 1117 libri
874 1055 946 1126 usa

353 1159 516 1240 eronmdo
541 1165 650 1224 autem
674 1161 824 1225 aeeidere
849 1161 971 1242 potuit,
1007 1167 1043 1224 at
1067 1160 1144 1224 illae
1169 1161 1256 1223 olaro
1281 1159 1358 1222 moi
1381 1179 1434 1223 ao·

265 1265 350 1330 mine
375 1272 510 1330 ornatae
535 1266 568 1331 in
598 1267 760 1346 publieam
793 1268 971 1332 venirent?
1018 1268 1100 1331 Nam
1130 1267 1229 1330 etiam
1259 1265 1436 1345 antiquita·

265 1379 331 1437 tem
356 1373 467 1436 eodem
492 1393 601 1436 ermae
625 1373 728 1438 fuisse
753 1374 963 1458 implicatam,
996 1375 1049 1454 oui
1074 1393 1132 1454 per
1156 1378 1206 1437 tot
1230 1374 1362 1437 saecula
1389 1373 1436 1437 vi-

265 1479 348 1560 guit,
374 1478 444 1543 vita
469 1479 590 1544 ΤἱὶηιΗί
614 1500 634 1544 a
659 1481 812 1544 Suetonio
838 1482 961 1562 scripta
986 1483 1156 1546 doeemur:
1184 1532 1211 1562 ,.
1230 1481 1437 1561 ..epistolae

266 1605 392 1666 «promia
425 1587 494 1651 eius
526 1588 723 1670 amatoriae,
766 1609 958 1668 quaraquam
992 1591 1130 1671 breves,
1163 1589 1291 1653 omnino
1326 1589 1436 1652 duloes

267 1694 397 1774 suat‘.3)
423 1693 503 1758 Mihi
528 1694 630 1776 igitur
648 1695 689 1760 iis
709 1696 955 1762 assentiendum
975 1717 1049 1762 esse
1069 1696 1200 1761 videtur
1219 1695 1300 1760 viris
1322 1694 1437 1776 doctis,

267 1800 322 1879 qui
350 1807 497 1878 eenseat,
522 1821 644 1884 «uiriles,
680 1822 762 1882 (prae
787 1804 885 1867 tertio
910 1810 944 1868 et
968 1809 1083 1883 ‹prrarto
1107 1803 1189 1867 libro
1220 1802 1438 1872 eontinentur.

268 1907 393 1986 elegias
418 1908 451 1972 ia
476 1909 533 1972 illa
558 1910 777 1974 stauliosorum
805 1912 961 1974 bonarum
985 1910 1105 1974 artium
1135 1910 1315 1990 societate,
1344 1926 1437 1987 quam

268 2014 413 2079 Messala
438 2035 547 2080 secum
572 2018 725 2098 babebat,
750 2021 851 2098 ortas,
876 2022 950 2096 post
976 2023 1112 2082 mortem
1140 2021 1249 2080 autem
1275 2015 1438 2081 Messalae

268 2122 301 2186 in
326 2141 421 2186 rurum
445 2122 562 2186 librum
587 2124 742 2187 collectas
767 2129 801 2186 et
825 2142 896 2187 oum
920 2143 1013 2187 nemo
1037 2123 1100 2187 iam
1121 2124 1232 2204 sciret,
1262 2123 1352 2188 ouius
1375 2121 1438 2186 sia·

268 2229 366 2311 gulae
390 2237 512 2311 essent,
538 2229 658 2293 'libulli
681 2229 810 2294 ammae
838 2230 1016 2311 inscriptas
1045 2251 1133 2311 esse,
1159 2230 1230 2295 sive
1265 2229 1440 2311 bibliopola

269 2335 399 2415 quidam
424 2342 580 2415 quaestus
605 2338 658 2400 vel
682 2338 764 2401 lueri
789 2357 889 2402 eausa
912 2338 968 2402 illo
986 2337 1113 2403 nomiae
1132 2340 1340 2420 abutebatur,
1370 2335 1441 2400 sive

270 2445 353 2522 quod
378 2443 589 2508 verisimilius
615 2451 677 2526 est,
701 2445 817 2510 Albius
843 2446 982 2510 omnium
1005 2452 1173 2527 poetarum
1199 2466 1270 2510 eum
1294 2444 1440 2510 Messala

271 2551 497 2616 familiaritate
522 2552 765 2618 orniuaotmum
791 2553 992 2618 clarissimus
1025 2574 1123 2618 verus
1158 2573 1267 2619 earum
1301 2553 1441 2633 scriptor

271 2660 464 2723 habebatur.
513 2663 590 2724 (lum
609 2659 693 2724 enim
711 2661 827 2726 Albius
848 2663 934 2726 haud
956 2662 1052 2725 (labie
1081 2659 1317 2724 existimatoris
1345 2659 1442 2722 laude

272 2766 458 2848 uteretua4)
484 2767 582 2831 l'aeile
606 2767 676 2832 fieri
693 2769 810 2850 potuit,
835 2775 871 2834 ut
893 2768 923 2833 ei
944 2768 1001 2831 illa
1020 2768 1164 2831 oanniaa
1188 2763 1301 2844 quami
1330 2769 1444 2829 essent

272 2871 490 2953 aestimanda,
514 2879 551 2937 ut
574 2873 746 2955 iruliearet
772 2877 1078 2940 transmitterentur
1102 2882 1150 2953 et,
1172 2877 1344 2952 postquam
1361 2891 1443 2936 mor-

272 2986 347 3044 tuus
373 2985 439 3061 est,
465 3000 505 3044 ex
529 2981 597 3044 eius
628 2983 757 3047 seriniis
786 2983 820 3047 in
834 2983 999 3047 Messalae
1024 2981 1149 3045 doauun
1175 2978 1444 3044 transferrentur.

274 3091 364 3170 Quae
401 3091 567 3155 sententia
603 3113 640 3155 eo
678 3091 876 3172 probabilior
906 3091 958 3172 fit,
1010 3089 1094 3170 quod
1130 3086 1443 3152 l‘seadotibulliaais

274 3216 371 3260 arnum
396 3197 525 3276 (pridem
550 3218 679 3263 oarrnen
708 3218 786 3263 vere
803 3197 1022 3262 'libullianum
1038 3196 1198 3261 insertum
1213 3199 1275 3260 est.
1322 3195 1445 3259 Tamen

273 3303 379 3367 adhue
404 3306 463 3368 sub
487 3304 594 3369 iudioe
619 3305 659 3368 lis
685 3311 747 3369 est.

366 3481 383 3532 ll
404 3481 451 3532 uir.
471 3483 576 3546 Bnelnz,
599 3483 656 3533 llo.
676 3483 717 3532 m.
738 3500 781 3549 pp.
802 3487 844 3532 lo.

363 3555 383 3607 ’ἢ
404 3553 451 3604 cir.
472 3554 576 3619 'llooln·.‚
598 3555 639 3605 ed.
661 3551 719 3607 lla.
740 3570 783 3620 pg.
803 3555 879 3605 xxi.

363 3626 383 3674 m
403 3624 450 3676 efr.
474 3627 616 3687 lbmlneas,
639 3627 696 3677 lib.
709 3627 803 3694 Blpg.
816 3631 839 3677 5.
863 3655 896 3662 —
915 3627 971 3677 lltsi
993 3629 1051 3678 loeo
1072 3644 1153 3693 supra
1171 3628 1253 3678 allato
1274 3627 1446 3692 epistulmmm

274 3701 374 3750 lantum
395 3699 493 3747 mentio
514 3698 543 3748 fit
562 3699 763 3762 aaraloriaruni,
799 3717 851 3766 qua
877 3716 943 3750 verae
968 3699 1101 3765 Sulpieiae
1129 3700 1259 3766 epistulae
1279 3699 1348 3750 huml
1370 3697 1447 3748 dabie

274 3775 335 3822 sunt
358 3769 546 3834 aeeipiendae,
575 3777 663 3822 tamen
693 3772 835 3822 Suetonius
859 3771 911 3821 adia
937 3787 1044 3838 ‹puoquo
1069 3770 1316 3822 l'sorulolibulliouu
1343 3769 1449 3819 'l'ilmllo

275 3843 425 3906 assignasse
445 3841 558 3892 ridetur.
597 3843 663 3893 Nam
684 3861 716 3894 ea
742 3844 830 3893 omma
856 3844 882 3892 ia
907 3860 987 3893 unum
1007 3844 1117 3893 rorlaota
1136 3843 1229 3891 librum
1262 3858 1320 3890 esse
1351 3841 1450 3891 trudito

274 3919 355 3979 ratque
375 3912 407 3963 ab
427 3913 574 3964 editoribus
594 3916 663 3964 italis
684 3916 709 3964 iu
730 3916 795 3965 duos
817 3916 896 3965 libros
917 3915 1000 3966 diuisa
1021 3915 1167 3980 palmulam
1188 3915 1227 3961 est
1273 3911 1326 3961 oo.
1341 3911 1447 3976 Baolun,

276 3984 334 4035 'l'ila
355 3984 395 4033 al.
416 4001 460 4049 μμ.
481 3989 522 4033 lb.

364 4055 384 4120 ⁴)
405 4055 469 4105 Milli
490 4056 597 4122 «pridem
620 4058 796 4108 llaelneasius
816 4058 856 4120 iis,
883 4074 951 4123 qam
972 4057 997 4106 in
1018 4055 1176 4105 'l'ilmlliuais
1202 4069 1246 4117 pp.
1274 4055 1288 4102 9
1316 4055 1449 4119 exposuit,

276 4128 383 4178 minimo
403 4128 534 4194 persuasit
552 4128 624 4178 illum
646 4130 785 4194 epistulam
800 4129 983 4192 lloratianam,
1006 4143 1073 4193 qum
1085 4125 1177 4190 iaeipit
1189 4139 1265 4173 versu
1285 4125 1366 4190 ‚aloa
1388 4143 1449 4175 aos-

276 4204 376 4250 lrorum
395 4215 546 4250 sermonum
566 4201 680 4251 ‹narrdide
701 4200 799 4264 imlea‘,
822 4215 874 4248 arm
894 4199 928 4249 ad
948 4199 1093 4261 elogimuun
1113 4200 1228 4262 poetam,
1250 4197 1297 4246 sod
1313 4197 1345 4247 ud
1368 4197 1449 4248 ulium

277 4273 410 4338 (piendam
432 4270 565 4322 'l'ilmllum
585 4289 643 4321 esse
664 4273 762 4322 (latam.
801 4272 923 4322 Ceterum
938 4271 1016 4320 etium
1037 4270 1095 4318 sine
1115 4267 1210 4319 Horati
1231 4268 1382 4319 testimonio
1402 4269 1449 4319 du·

276 4344 346 4394 bium
367 4359 497 4394 essenon
518 4347 622 4409 potest,
655 4343 718 4410 quia
746 4347 799 4395 tum
825 4342 890 4393 talari
918 4345 1013 4408 proetae
1039 4339 1164 4391 indiuium
1185 4341 1255 4406 upml
1277 4355 1368 4390 ouranos
1397 4357 1448 4391 aaa

277 4416 343 4466 nilal
365 4415 487 4467 vuluerit.
